% Bibliography

@incollection{baldini2017serverless,
  title     = {Serverless Computing: Current Trends and Open Problems},
  author    = {Baldini, Ioana and Castro, Paul and Chang, Kerry and Cheng, Perry and Fink, Stephen and Ishakian, Vatche and Mitchell, Nick and Muthusamy, Vinod and Rabbah, Rodric and Slominski, Aleksander and Suter, Philippe},
  pages     = {1--20},
  year      = {2017},
  publisher = {Springer Singapore},
  address   = {Singapore}
}

@inproceedings{aslanpour2021serverless,
  title     = {Serverless edge computing: Vision and challenges},
  author    = {Aslanpour, Mohammad S. and Toosi, Adel N. and Cicconetti, Claudio and Javadi, Bahman and Sbarski, Peter and Taibi, Davide and Assuncao, Marcos and Gill, Sukhpal Singh and Gaire, Raj and Dustdar, Schahram},
  booktitle = {2021 Australasian Computer Science Week Multiconference},
  series    = {ACSW '21},
  year      = {2021},
  publisher = {Association for Computing Machinery},
  address   = {New York, NY, USA}
}

@article{svorobej2019simulating,
  title   = {Simulating fog and edge computing scenarios: An overview and research challenges},
  author  = {Svorobej, Sergej and Endo, Patricia Takako and Bendechache, Malika and Filelis-Papadopoulos, Christos and Giannoutakis, Konstantinos M. and Gravvanis, George A. and Tzovaras, Dimitrios and Byrne, James and Lynn, Theo},
  journal = {Future Internet},
  volume  = {11},
  number  = {3},
  year    = {2019}
}

@article{aditya2019serverless,
  title   = {Will serverless computing revolutionize NFV?},
  author  = {Aditya, Paarijaat and Akkus, Istemi Ekin and Beck, Andre and Chen, Ruichuan and Hilt, Volker and Rimac, Ivica and Satzke, Klaus and Stein, Manuel},
  journal = {Proceedings of the IEEE},
  volume  = {107},
  number  = {4},
  pages   = {667--678},
  year    = {2019}
}

@article{chaudhry2020improved,
  title   = {Improved QoS at the edge using serverless computing to deploy virtual network functions},
  author  = {Chaudhry, Saqib Rasool and Palade, Andrei and Kazmi, Aqeel and Clarke, Siobh{\'a}n},
  journal = {IEEE Internet of Things Journal},
  volume  = {7},
  number  = {10},
  pages   = {10673--10683},
  year    = {2020}
}

@inproceedings{reuter2020cost,
  title     = {Cost efficiency under mixed serverless and serverful deployments},
  author    = {Reuter, Anja and Back, Timon and Andrikopoulos, Vasilios},
  booktitle = {2020 46th Euromicro Conference on Software Engineering and Advanced Applications (SEAA)},
  pages     = {242--245},
  year      = {2020}
}

@article{belcastro2023edge,
  author  = {Belcastro, L. and Marozzo, Fabrizio and Orsino, Alessio and Talia, Domenico and Trunfio, Paolo},
  year    = {2023},
  month   = {04},
  title   = {Edge-Cloud Continuum Solutions for Urban Mobility Prediction and Planning},
  volume  = {11},
  journal = {IEEE Access},
  doi     = {10.1109/ACCESS.2023.3267471}
}

@article{mampage2021holistic,
  author = {Mampage, Anupama and Karunasekera, Shanika and Buyya, Rajkumar},
  year   = {2021},
  month  = {05},
  title  = {A Holistic View on Resource Management in Serverless Computing Environments: Taxonomy, and Future Directions},
  doi    = {10.48550/arXiv.2105.11592}
}

@article{moreno2023latency,
  author  = {Moreno-Vozmediano, Rafael and Huedo, Eduardo and Montero, Rubén and Llorente, Ignacio},
  year    = {2023},
  month   = {07},
  title   = {Latency and resource consumption analysis for serverless edge analytics},
  volume  = {12},
  journal = {Journal of Cloud Computing},
  doi     = {10.1186/s13677-023-00485-9}
}

@misc{jin2019when,
  title       = {When Edge Meets FaaS: Opportunities and Challenges},
  author      = {Jin, Runyu and Yang, Qirui and Zhao, Ming},
  year        = {2019},
  eprint      = {2307.06397},
  eprinttype  = {arXiv},
  eprintclass = {cs.DC},
  doi         = {10.48550/arXiv.2307.06397},
  url         = {https://arxiv.org/abs/2307.06397},
  note        = {Submitted on 29 Jun 2023}
}

@article{das2022serverlesssimpro,
  title     = {ServerlessSimPro: A Comprehensive Serverless Computing Simulation Framework},
  author    = {Das, Anupama and Patterson, Stacy and Wittie, Mike},
  journal   = {ACM Transactions on Modeling and Computer Simulation},
  volume    = {32},
  number    = {4},
  pages     = {1--35},
  year      = {2022},
  publisher = {ACM}
}

@inproceedings{bermbach2019mfs,
  title     = {MFS: Multi-tier FaaS Simulator for Edge-Cloud Computing},
  author    = {Bermbach, David and Wittern, Erik and Dustdar, Schahram},
  booktitle = {Proceedings of the 12th IEEE/ACM International Conference on Utility and Cloud Computing},
  pages     = {139--148},
  year      = {2019},
  publisher = {ACM}
}

@inproceedings{boughzala2022faassim,
  title     = {faas-sim: A Trace-driven Simulation Framework for Serverless Edge Computing Platforms},
  author    = {Boughzala, Ameni and Mathieu, François and Lebre, Adrien},
  booktitle = {Proceedings of the 15th IEEE International Conference on Cloud Computing},
  pages     = {711--720},
  year      = {2022},
  publisher = {IEEE Computer Society}
}

@article{li2022edgefaas,
  title     = {EdgeFaaS: A Simulation Framework for Edge Function-as-a-Service Orchestration},
  author    = {Li, Chen and Xue, Jian and Liu, Xiang and Tang, Bin},
  journal   = {Future Generation Computer Systems},
  volume    = {135},
  pages     = {274--285},
  year      = {2022},
  publisher = {Elsevier}
}

@inproceedings{wang2021edgeserve,
  title     = {EdgeServe: Latency-Aware Function Placement for Edge Computing},
  author    = {Wang, Lei and Li, Ming and Zhang, Yu and Vasilakos, Athanasios V.},
  booktitle = {Proceedings of the IEEE International Conference on Edge Computing},
  pages     = {45--52},
  year      = {2021},
  publisher = {IEEE}
}

@inproceedings{mampage2021cloudsimsc,
  title        = {CloudSimSC: A Toolkit for Modeling and Simulation of Serverless Computing Environments},
  author       = {Mampage, Anupama and Buyya, Rajkumar},
  booktitle    = {2021 21st IEEE/ACM International Symposium on Cluster, Cloud and Internet Computing (CCGrid)},
  pages        = {230--241},
  year         = {2021},
  organization = {IEEE},
  address      = {Melbourne, VIC, Australia}
}

@inproceedings{mahmoudi2021simfaas,
  title     = {SimFaaS: A performance simulator for serverless computing platforms},
  author    = {Mahmoudi, Nima and Khazaei, Hamzeh},
  booktitle = {Proceedings of the 11th International Conference on Cloud Computing and Services Science},
  series    = {CLOSER 2021},
  pages     = {23--33},
  year      = {2021},
  publisher = {SCITEPRESS},
  address   = {Online Streaming}
}
